@book{voices99,
  title = "Open Sources: Voices from the Open Source Revolution",
  author = "Chris DiBona and Sam Ockman and Mark Stone",
  publisher = "O'Reilly Media",
  month = "enero",
  year = "1999"
  }
